<?xml version='1.0'?>
<collection xmlns='http://www.loc.gov/MARC21/slim' xmlns:xsi='http://www.w3.org/2001/XMLSchema-instance' xsi:schemaLocation='http://www.loc.gov/MARC21/slim http://www.loc.gov/standards/marcxml/schema/MARC21slim.xsd'>
<record><leader>03314cam a2200637 i 4500</leader><controlfield tag='001'>SCSB-3231373</controlfield><controlfield tag='003'>NNC</controlfield><controlfield tag='005'>20220705141717.0</controlfield><controlfield tag='008'>920707s1991    nyuab    b   l000 0 eng c</controlfield><controlfield tag='009'>1618127</controlfield><datafield ind1=' ' ind2=' ' tag='035'><subfield code='a'>(OCoLC)ocm38944862</subfield></datafield><datafield ind1=' ' ind2=' ' tag='040'><subfield code='a'>ZCU</subfield><subfield code='b'>eng</subfield><subfield code='e'>rda</subfield><subfield code='c'>ZCU</subfield><subfield code='d'>OCLCQ</subfield><subfield code='d'>OCLCO</subfield><subfield code='d'>OCLCQ</subfield><subfield code='d'>OCLCA</subfield><subfield code='d'>OCLCF</subfield><subfield code='d'>OCLCQ</subfield><subfield code='d'>OCLCO</subfield><subfield code='d'>ZCU</subfield></datafield><datafield ind1=' ' ind2=' ' tag='035'><subfield code='a'>(OCoLC)38944862</subfield></datafield><datafield ind1=' ' ind2=' ' tag='042'><subfield code='a'>pcc</subfield></datafield><datafield ind1=' ' ind2=' ' tag='043'><subfield code='a'>n-us-ny</subfield></datafield><datafield ind1=' ' ind2='4' tag='050'><subfield code='a'>NA108.N4</subfield></datafield><datafield ind1=' ' ind2=' ' tag='049'><subfield code='a'>ZCUA</subfield></datafield><datafield ind1='1' ind2=' ' tag='110'><subfield code='a'>New York (N.Y.).</subfield><subfield code='b'>Landmarks Preservation Commission,</subfield><subfield code='e'>author.</subfield></datafield><datafield ind1='1' ind2='0' tag='245'><subfield code='a'>(Former) Home Life Insurance Company Building (incorporating the former Postal Telegraph Building), 256-257 and 253 Broadway, Borough of Manhattan :</subfield><subfield code='b'>no. 256-257 built 1892-94, Napoleon LeBrun &amp; Sons (Pierre L. LeBrun), architects : no. 253 built 1892-94, George Edward Harding &amp; Gooch, architects /</subfield><subfield code='c'>Landmarks Preservation Commission.</subfield></datafield><datafield ind1='3' ind2=' ' tag='246'><subfield code='a'>Home Life Insurance Company Building</subfield></datafield><datafield ind1=' ' ind2='1' tag='264'><subfield code='a'>[New York] :</subfield><subfield code='b'>Landmarks Preservation Commission,</subfield><subfield code='c'>[1991]</subfield></datafield><datafield ind1=' ' ind2=' ' tag='300'><subfield code='a'>21 pages :</subfield><subfield code='b'>illustrations, 1 map ;</subfield><subfield code='c'>28 cm.</subfield></datafield><datafield ind1=' ' ind2=' ' tag='336'><subfield code='a'>text</subfield><subfield code='b'>txt</subfield><subfield code='2'>rdacontent</subfield></datafield><datafield ind1=' ' ind2=' ' tag='337'><subfield code='a'>unmediated</subfield><subfield code='b'>n</subfield><subfield code='2'>rdamedia</subfield></datafield><datafield ind1=' ' ind2=' ' tag='338'><subfield code='a'>volume</subfield><subfield code='b'>nc</subfield><subfield code='2'>rdacarrier</subfield></datafield><datafield ind1='1' ind2=' ' tag='490'><subfield code='a'>Designation list / Landmarks Preservation Commission ;</subfield><subfield code='v'>240</subfield></datafield><datafield ind1=' ' ind2=' ' tag='500'><subfield code='a'>Report prepared by Charles Savage.</subfield></datafield><datafield ind1=' ' ind2=' ' tag='500'><subfield code='a'>Caption title.</subfield></datafield><datafield ind1=' ' ind2=' ' tag='500'><subfield code='a'>&quot;November 12, 1991.&quot;</subfield></datafield><datafield ind1=' ' ind2=' ' tag='500'><subfield code='a'>&quot;LP-1751.&quot;</subfield></datafield><datafield ind1=' ' ind2=' ' tag='500'><subfield code='a'>&quot;Landmark Site: Borough of Manhattan Tax Map Block 134, Lots 1001 and 1002&quot;--Page [1].</subfield></datafield><datafield ind1=' ' ind2=' ' tag='500'><subfield code='a'>&quot;A significant early skyscraper richly designed in the neo-Renaissance style&quot;--Page [1].</subfield></datafield><datafield ind1=' ' ind2=' ' tag='504'><subfield code='a'>Includes bibliographical references (page 11).</subfield></datafield><datafield ind1='2' ind2='0' tag='610'><subfield code='a'>Home Life Building (New York (N.Y.)</subfield></datafield><datafield ind1='2' ind2='0' tag='610'><subfield code='a'>Home Life Insurance Company</subfield><subfield code='x'>Buildings.</subfield></datafield><datafield ind1=' ' ind2='0' tag='650'><subfield code='a'>Skyscrapers</subfield><subfield code='z'>New York (State)</subfield><subfield code='z'>New York.</subfield></datafield><datafield ind1=' ' ind2='0' tag='650'><subfield code='a'>Office buildings</subfield><subfield code='z'>New York (State)</subfield><subfield code='z'>New York.</subfield></datafield><datafield ind1=' ' ind2='0' tag='650'><subfield code='a'>Eclecticism in architecture</subfield><subfield code='z'>New York (State)</subfield><subfield code='z'>New York.</subfield></datafield><datafield ind1=' ' ind2='0' tag='650'><subfield code='a'>Architecture</subfield><subfield code='z'>New York (State)</subfield><subfield code='z'>New York</subfield><subfield code='x'>History.</subfield></datafield><datafield ind1=' ' ind2='0' tag='650'><subfield code='a'>Architecture</subfield><subfield code='x'>Conservation and restoration</subfield><subfield code='z'>New York (State)</subfield><subfield code='z'>New York.</subfield></datafield><datafield ind1=' ' ind2='0' tag='651'><subfield code='a'>New York (N.Y.)</subfield><subfield code='x'>Buildings, structures, etc.</subfield></datafield><datafield ind1=' ' ind2='0' tag='651'><subfield code='a'>Manhattan (New York, N.Y.)</subfield><subfield code='x'>Buildings, structures, etc.</subfield></datafield><datafield ind1=' ' ind2='6' tag='650'><subfield code='a'>Gratte-ciel</subfield><subfield code='0'>(CaQQLa)201-0076749</subfield><subfield code='z'>New York (État)</subfield><subfield code='0'>(CaQQLa)201-0468217</subfield><subfield code='z'>New York.</subfield><subfield code='0'>(CaQQLa)201-0468217</subfield></datafield><datafield ind1=' ' ind2='6' tag='650'><subfield code='a'>Éclectisme en architecture</subfield><subfield code='0'>(CaQQLa)201-0008876</subfield><subfield code='z'>New York (État)</subfield><subfield code='0'>(CaQQLa)201-0468217</subfield><subfield code='z'>New York.</subfield><subfield code='0'>(CaQQLa)201-0468217</subfield></datafield><datafield ind1=' ' ind2='6' tag='650'><subfield code='a'>Architecture</subfield><subfield code='0'>(CaQQLa)000273091</subfield><subfield code='z'>New York (État)</subfield><subfield code='0'>(CaQQLa)201-0468217</subfield><subfield code='z'>New York</subfield><subfield code='0'>(CaQQLa)201-0468217</subfield><subfield code='x'>Histoire.</subfield><subfield code='0'>(CaQQLa)000273091</subfield></datafield><datafield ind1='2' ind2='7' tag='610'><subfield code='a'>Home Life Insurance Company.</subfield><subfield code='2'>fast</subfield><subfield code='0'>(OCoLC)fst00770589</subfield></datafield><datafield ind1=' ' ind2='7' tag='650'><subfield code='a'>Architecture.</subfield><subfield code='2'>fast</subfield><subfield code='0'>(OCoLC)fst00813346</subfield></datafield><datafield ind1=' ' ind2='7' tag='650'><subfield code='a'>Buildings.</subfield><subfield code='2'>fast</subfield><subfield code='0'>(OCoLC)fst00840962</subfield></datafield><datafield ind1=' ' ind2='7' tag='650'><subfield code='a'>Eclecticism in architecture.</subfield><subfield code='2'>fast</subfield><subfield code='0'>(OCoLC)fst00901410</subfield></datafield><datafield ind1=' ' ind2='7' tag='650'><subfield code='a'>Skyscrapers.</subfield><subfield code='2'>fast</subfield><subfield code='0'>(OCoLC)fst01120291</subfield></datafield><datafield ind1=' ' ind2='7' tag='651'><subfield code='a'>New York (State)</subfield><subfield code='z'>New York.</subfield><subfield code='2'>fast</subfield><subfield code='0'>(OCoLC)fst01204333</subfield></datafield><datafield ind1='2' ind2='0' tag='610'><subfield code='a'>Napoleon LeBrun &amp; Sons.</subfield></datafield><datafield ind1='2' ind2='0' tag='610'><subfield code='a'>George Edward Harding &amp; Gooch.</subfield></datafield><datafield ind1=' ' ind2='7' tag='655'><subfield code='a'>History.</subfield><subfield code='2'>fast</subfield><subfield code='0'>(OCoLC)fst01411628</subfield></datafield><datafield ind1='1' ind2=' ' tag='700'><subfield code='a'>Savage, Charles C.,</subfield><subfield code='e'>author.</subfield></datafield><datafield ind1='1' ind2=' ' tag='810'><subfield code='a'>New York (N.Y.).</subfield><subfield code='b'>Landmarks Preservation Commission.</subfield><subfield code='t'>Designation list ;</subfield><subfield code='v'>240.</subfield></datafield><datafield ind1='8' ind2='0' tag='852'><subfield code='h'>AA735 N4 ZH75</subfield><subfield code='0'>3217116</subfield><subfield code='b'>scsbcul</subfield></datafield><datafield ind1=' ' ind2=' ' tag='876'><subfield code='0'>3217116</subfield><subfield code='a'>4915341</subfield><subfield code='h'>In Library Use</subfield><subfield code='j'>Available</subfield><subfield code='p'>AR01507869</subfield><subfield code='t'>1</subfield><subfield code='x'>Shared</subfield><subfield code='z'>AR</subfield><subfield code='l'>RECAP</subfield></datafield></record>