
<record><leader>02714cas a2200637 a 4500</leader><controlfield tag='001'>SCSB-3770358</controlfield><controlfield tag='003'>NNC</controlfield><controlfield tag='005'>20220616043201.0</controlfield><controlfield tag='008'>000215c19999999gw ar     o   0    0eng c</controlfield><controlfield tag='009'>2428160</controlfield><datafield ind1=' ' ind2=' ' tag='010'><subfield code='a'>   00222678 </subfield></datafield><datafield ind1='7' ind2=' ' tag='016'><subfield code='a'>100958243</subfield><subfield code='2'>DNLM</subfield></datafield><datafield ind1=' ' ind2=' ' tag='022'><subfield code='a'>1562-918X</subfield><subfield code='l'>1562-918X</subfield></datafield><datafield ind1='1' ind2=' ' tag='029'><subfield code='a'>NLM</subfield><subfield code='b'>100958243</subfield></datafield><datafield ind1='1' ind2=' ' tag='029'><subfield code='a'>NLGGC</subfield><subfield code='b'>227282515</subfield></datafield><datafield ind1='1' ind2=' ' tag='029'><subfield code='a'>AU@</subfield><subfield code='b'>000021431685</subfield></datafield><datafield ind1=' ' ind2=' ' tag='035'><subfield code='a'>(OCoLC)ocm43458472</subfield></datafield><datafield ind1=' ' ind2=' ' tag='035'><subfield code='9'>APX3009CU</subfield></datafield><datafield ind1=' ' ind2=' ' tag='035'><subfield code='a'>(OCoLC)43458472</subfield></datafield><datafield ind1=' ' ind2=' ' tag='035'><subfield code='a'>(NNC)2428160</subfield></datafield><datafield ind1=' ' ind2=' ' tag='035'><subfield code='a'>2428160</subfield></datafield><datafield ind1=' ' ind2=' ' tag='037'><subfield code='b'>ISHEASTM/SIHSTMAO, Institute d&apos;Extrême-Orient, 52 rue du Cardinal Lemoine, 75231 Paris Cedex 05, France</subfield></datafield><datafield ind1=' ' ind2=' ' tag='040'><subfield code='a'>NOC</subfield><subfield code='c'>NOC</subfield><subfield code='d'>CLU</subfield><subfield code='d'>OCL</subfield><subfield code='d'>DLC</subfield><subfield code='d'>NLM</subfield><subfield code='d'>IUL</subfield><subfield code='d'>DLC</subfield><subfield code='d'>OCLCQ</subfield><subfield code='d'>ZCU</subfield></datafield><datafield ind1=' ' ind2=' ' tag='042'><subfield code='a'>pcc</subfield></datafield><datafield ind1=' ' ind2=' ' tag='043'><subfield code='a'>ae-----</subfield></datafield><datafield ind1='0' ind2='0' tag='050'><subfield code='a'>Q127.E26</subfield><subfield code='b'>E183</subfield></datafield><datafield ind1='0' ind2='0' tag='060'><subfield code='a'>W1</subfield><subfield code='b'>EA828</subfield></datafield><datafield ind1='0' ind2=' ' tag='210'><subfield code='a'>East Asian sci. technol. med.</subfield></datafield><datafield ind1=' ' ind2='0' tag='222'><subfield code='a'>East Asian science, technology, and medicine</subfield></datafield><datafield ind1='0' ind2='0' tag='245'><subfield code='a'>East Asian science, technology, and medicine.</subfield></datafield><datafield ind1='1' ind2='7' tag='246'><subfield code='a'>EASTM</subfield></datafield><datafield ind1=' ' ind2=' ' tag='260'><subfield code='a'>Tübingen :</subfield><subfield code='b'>International Society for the History of East Asian Science, Technology, and Medicine,</subfield><subfield code='c'>1999-</subfield></datafield><datafield ind1=' ' ind2=' ' tag='300'><subfield code='a'>volumes :</subfield><subfield code='b'>illustrations ;</subfield><subfield code='c'>23 cm</subfield></datafield><datafield ind1=' ' ind2=' ' tag='310'><subfield code='a'>Annual,</subfield><subfield code='b'>2009-</subfield></datafield><datafield ind1=' ' ind2=' ' tag='321'><subfield code='a'>Annual,</subfield><subfield code='b'>1999-2002</subfield></datafield><datafield ind1=' ' ind2=' ' tag='321'><subfield code='a'>Two issues per year,</subfield><subfield code='b'>2003-2008</subfield></datafield><datafield ind1=' ' ind2=' ' tag='336'><subfield code='a'>text</subfield><subfield code='b'>txt</subfield><subfield code='2'>rdacontent</subfield></datafield><datafield ind1=' ' ind2=' ' tag='337'><subfield code='a'>unmediated</subfield><subfield code='b'>n</subfield><subfield code='2'>rdamedia</subfield></datafield><datafield ind1='0' ind2=' ' tag='362'><subfield code='a'>No. 16 (1999)-</subfield></datafield><datafield ind1=' ' ind2=' ' tag='500'><subfield code='a'>Title from cover.</subfield></datafield><datafield ind1=' ' ind2=' ' tag='500'><subfield code='a'>Latest issue consulted: No. 29 (2008).</subfield></datafield><datafield ind1=' ' ind2=' ' tag='525'><subfield code='a'>Some no. published as special issues.</subfield></datafield><datafield ind1=' ' ind2=' ' tag='550'><subfield code='a'>Issued jointly by the International Society for the History of East Asian Science, Technology, and Medicine and the Seminar für Sinologie und Koreanistik, Eberhard-Karls-Universität Tübingen.</subfield></datafield><datafield ind1=' ' ind2='0' tag='650'><subfield code='a'>Science</subfield><subfield code='z'>East Asia</subfield><subfield code='v'>Periodicals.</subfield></datafield><datafield ind1=' ' ind2='0' tag='650'><subfield code='a'>Medicine</subfield><subfield code='z'>East Asia</subfield><subfield code='v'>Periodicals.</subfield></datafield><datafield ind1=' ' ind2='0' tag='650'><subfield code='a'>Technology</subfield><subfield code='z'>East Asia</subfield><subfield code='v'>Periodicals.</subfield></datafield><datafield ind1='1' ind2='2' tag='650'><subfield code='a'>History of Medicine.</subfield><subfield code='0'>https://id.nlm.nih.gov/mesh/D006666</subfield></datafield><datafield ind1='2' ind2='2' tag='650'><subfield code='a'>Medicine, Chinese Traditional</subfield><subfield code='x'>history.</subfield><subfield code='0'>https://id.nlm.nih.gov/mesh/D008516Q000266</subfield></datafield><datafield ind1='2' ind2='2' tag='650'><subfield code='a'>Science</subfield><subfield code='x'>history.</subfield><subfield code='0'>https://id.nlm.nih.gov/mesh/D012586Q000266</subfield></datafield><datafield ind1='2' ind2='2' tag='650'><subfield code='a'>Technology</subfield><subfield code='x'>history.</subfield><subfield code='0'>https://id.nlm.nih.gov/mesh/D013672Q000266</subfield></datafield><datafield ind1=' ' ind2='2' tag='651'><subfield code='a'>Far East.</subfield><subfield code='0'>https://id.nlm.nih.gov/mesh/D005202</subfield></datafield><datafield ind1='2' ind2=' ' tag='710'><subfield code='a'>International Society for the History of East Asian Science, Technology, and Medicine.</subfield><subfield code='0'>http://id.loc.gov/authorities/names/no95043444</subfield></datafield><datafield ind1='2' ind2=' ' tag='710'><subfield code='a'>Universität Tübingen.</subfield><subfield code='b'>Seminar für Sinologie und Koreanistik.</subfield><subfield code='0'>http://id.loc.gov/authorities/names/no00010227</subfield></datafield><datafield ind1='0' ind2='0' tag='780'><subfield code='t'>Chinese science</subfield><subfield code='x'>0361-9001</subfield><subfield code='w'>(DLC)   76641698</subfield><subfield code='w'>(OCoLC)2441331</subfield></datafield><datafield ind1=' ' ind2=' ' tag='850'><subfield code='a'>DLC</subfield></datafield><datafield ind1=' ' ind2=' ' tag='901'><subfield code='a'>985f9c96-9246-4e6d-a37b-2e2578551d23</subfield><subfield code='b'>15</subfield><subfield code='c'>false</subfield></datafield><datafield ind1='0' ind2='1' tag='852'><subfield code='h'>Q72 .C41</subfield><subfield code='0'>3781001</subfield><subfield code='b'>scsbcul</subfield></datafield><datafield ind1='0' ind2='0' tag='866'><subfield code='a'>no.16 (1999)-no.40 (2014), v.43 (2016)-v.44 (2017)</subfield><subfield code='0'>3781001</subfield></datafield><datafield ind1=' ' ind2=' ' tag='876'><subfield code='0'>3781001</subfield><subfield code='3'>no.16 (1999)</subfield><subfield code='a'>5580465</subfield><subfield code='j'>Available</subfield><subfield code='p'>CU12531855</subfield><subfield code='t'>1</subfield><subfield code='x'>Open</subfield><subfield code='z'>EV</subfield><subfield code='l'>RECAP</subfield></datafield><datafield ind1=' ' ind2=' ' tag='876'><subfield code='0'>3781001</subfield><subfield code='3'>no.17 (2000)</subfield><subfield code='a'>5580466</subfield><subfield code='j'>Available</subfield><subfield code='p'>CU12531588</subfield><subfield code='t'>1</subfield><subfield code='x'>Open</subfield><subfield code='z'>EV</subfield><subfield code='l'>RECAP</subfield></datafield><datafield ind1=' ' ind2=' ' tag='876'><subfield code='0'>3781001</subfield><subfield code='3'>no.18 (2001)</subfield><subfield code='a'>5580467</subfield><subfield code='j'>Available</subfield><subfield code='p'>CU12532118</subfield><subfield code='t'>1</subfield><subfield code='x'>Open</subfield><subfield code='z'>EV</subfield><subfield code='l'>RECAP</subfield></datafield><datafield ind1=' ' ind2=' ' tag='876'><subfield code='0'>3781001</subfield><subfield code='3'>no.19 (2002)</subfield><subfield code='a'>5580468</subfield><subfield code='j'>Available</subfield><subfield code='p'>CU12531596</subfield><subfield code='t'>1</subfield><subfield code='x'>Open</subfield><subfield code='z'>EV</subfield><subfield code='l'>RECAP</subfield></datafield><datafield ind1=' ' ind2=' ' tag='876'><subfield code='0'>3781001</subfield><subfield code='3'>no.20 (2003)</subfield><subfield code='a'>5580469</subfield><subfield code='j'>Available</subfield><subfield code='p'>CU12532355</subfield><subfield code='t'>1</subfield><subfield code='x'>Open</subfield><subfield code='z'>EV</subfield><subfield code='l'>RECAP</subfield></datafield><datafield ind1=' ' ind2=' ' tag='876'><subfield code='0'>3781001</subfield><subfield code='3'>no.21 (2003)</subfield><subfield code='a'>5580470</subfield><subfield code='j'>Available</subfield><subfield code='p'>CU12531863</subfield><subfield code='t'>1</subfield><subfield code='x'>Open</subfield><subfield code='z'>EV</subfield><subfield code='l'>RECAP</subfield></datafield><datafield ind1=' ' ind2=' ' tag='876'><subfield code='0'>3781001</subfield><subfield code='3'>no.22-23 (2004-2005)</subfield><subfield code='a'>5580471</subfield><subfield code='j'>Available</subfield><subfield code='p'>CU17028760</subfield><subfield code='t'>1</subfield><subfield code='x'>Open</subfield><subfield code='z'>CU</subfield><subfield code='l'>RECAP</subfield></datafield><datafield ind1=' ' ind2=' ' tag='876'><subfield code='0'>3781001</subfield><subfield code='3'>no.24 (2005)</subfield><subfield code='a'>5580472</subfield><subfield code='j'>Available</subfield><subfield code='p'>CU16070305</subfield><subfield code='t'>1</subfield><subfield code='x'>Open</subfield><subfield code='z'>CU</subfield><subfield code='l'>RECAP</subfield></datafield><datafield ind1=' ' ind2=' ' tag='876'><subfield code='0'>3781001</subfield><subfield code='3'>no.25 (2006)</subfield><subfield code='a'>5580473</subfield><subfield code='j'>Available</subfield><subfield code='p'>CU17028779</subfield><subfield code='t'>1</subfield><subfield code='x'>Open</subfield><subfield code='z'>CU</subfield><subfield code='l'>RECAP</subfield></datafield><datafield ind1=' ' ind2=' ' tag='876'><subfield code='0'>3781001</subfield><subfield code='3'>no.26 (2007)</subfield><subfield code='a'>5580474</subfield><subfield code='j'>Available</subfield><subfield code='p'>CU17028787</subfield><subfield code='t'>1</subfield><subfield code='x'>Open</subfield><subfield code='z'>CU</subfield><subfield code='l'>RECAP</subfield></datafield><datafield ind1=' ' ind2=' ' tag='876'><subfield code='0'>3781001</subfield><subfield code='3'>no.27 (2007)</subfield><subfield code='a'>5580475</subfield><subfield code='j'>Available</subfield><subfield code='p'>CU17028795</subfield><subfield code='t'>1</subfield><subfield code='x'>Open</subfield><subfield code='z'>CU</subfield><subfield code='l'>RECAP</subfield></datafield><datafield ind1=' ' ind2=' ' tag='876'><subfield code='0'>3781001</subfield><subfield code='3'>no.28 (2008)</subfield><subfield code='a'>5580476</subfield><subfield code='j'>Available</subfield><subfield code='p'>CU17028833</subfield><subfield code='t'>1</subfield><subfield code='x'>Open</subfield><subfield code='z'>CU</subfield><subfield code='l'>RECAP</subfield></datafield><datafield ind1=' ' ind2=' ' tag='876'><subfield code='0'>3781001</subfield><subfield code='3'>no.29 (2008)</subfield><subfield code='a'>5580477</subfield><subfield code='j'>Available</subfield><subfield code='p'>CU17028825</subfield><subfield code='t'>1</subfield><subfield code='x'>Open</subfield><subfield code='z'>CU</subfield><subfield code='l'>RECAP</subfield></datafield><datafield ind1=' ' ind2=' ' tag='876'><subfield code='0'>3781001</subfield><subfield code='3'>no.30 (2009)</subfield><subfield code='a'>5580478</subfield><subfield code='j'>Available</subfield><subfield code='p'>CU17028817</subfield><subfield code='t'>1</subfield><subfield code='x'>Open</subfield><subfield code='z'>CU</subfield><subfield code='l'>RECAP</subfield></datafield><datafield ind1=' ' ind2=' ' tag='876'><subfield code='0'>3781001</subfield><subfield code='3'>no.31 (2010)</subfield><subfield code='a'>5580479</subfield><subfield code='j'>Available</subfield><subfield code='p'>CU17028809</subfield><subfield code='t'>1</subfield><subfield code='x'>Open</subfield><subfield code='z'>CU</subfield><subfield code='l'>RECAP</subfield></datafield><datafield ind1=' ' ind2=' ' tag='876'><subfield code='0'>3781001</subfield><subfield code='3'>no.32 (2010)</subfield><subfield code='a'>5580480</subfield><subfield code='j'>Available</subfield><subfield code='p'>CU90407431</subfield><subfield code='t'>1</subfield><subfield code='x'>Open</subfield><subfield code='z'>CU</subfield><subfield code='l'>RECAP</subfield></datafield><datafield ind1=' ' ind2=' ' tag='876'><subfield code='0'>3781001</subfield><subfield code='3'>no.33 (2011)</subfield><subfield code='a'>5580481</subfield><subfield code='j'>Available</subfield><subfield code='p'>CU16406893</subfield><subfield code='t'>1</subfield><subfield code='x'>Open</subfield><subfield code='z'>CU</subfield><subfield code='l'>RECAP</subfield></datafield><datafield ind1=' ' ind2=' ' tag='876'><subfield code='0'>3781001</subfield><subfield code='3'>no.34 (2011)</subfield><subfield code='a'>5580482</subfield><subfield code='j'>Available</subfield><subfield code='p'>CU18840892</subfield><subfield code='t'>1</subfield><subfield code='x'>Open</subfield><subfield code='z'>CU</subfield><subfield code='l'>RECAP</subfield></datafield><datafield ind1=' ' ind2=' ' tag='876'><subfield code='0'>3781001</subfield><subfield code='3'>no.35 (2012)</subfield><subfield code='a'>5580483</subfield><subfield code='j'>Available</subfield><subfield code='p'>CU18840906</subfield><subfield code='t'>1</subfield><subfield code='x'>Open</subfield><subfield code='z'>CU</subfield><subfield code='l'>RECAP</subfield></datafield><datafield ind1=' ' ind2=' ' tag='876'><subfield code='0'>3781001</subfield><subfield code='3'>no.36 (2012)</subfield><subfield code='a'>5580484</subfield><subfield code='j'>Available</subfield><subfield code='p'>CU18354165</subfield><subfield code='t'>1</subfield><subfield code='x'>Open</subfield><subfield code='z'>CU</subfield><subfield code='l'>RECAP</subfield></datafield><datafield ind1=' ' ind2=' ' tag='876'><subfield code='0'>3781001</subfield><subfield code='3'>no.37 (2013)</subfield><subfield code='a'>5580485</subfield><subfield code='j'>Available</subfield><subfield code='p'>CU18855890</subfield><subfield code='t'>1</subfield><subfield code='x'>Open</subfield><subfield code='z'>CU</subfield><subfield code='l'>RECAP</subfield></datafield><datafield ind1=' ' ind2=' ' tag='876'><subfield code='0'>3781001</subfield><subfield code='3'>no.38 (2013)</subfield><subfield code='a'>5580486</subfield><subfield code='j'>Available</subfield><subfield code='p'>CU18855903</subfield><subfield code='t'>1</subfield><subfield code='x'>Open</subfield><subfield code='z'>CU</subfield><subfield code='l'>RECAP</subfield></datafield><datafield ind1=' ' ind2=' ' tag='876'><subfield code='0'>3781001</subfield><subfield code='3'>no.39 (2014)</subfield><subfield code='a'>5580487</subfield><subfield code='j'>Available</subfield><subfield code='p'>CU24659762</subfield><subfield code='t'>1</subfield><subfield code='x'>Open</subfield><subfield code='z'>CU</subfield><subfield code='l'>RECAP</subfield></datafield><datafield ind1=' ' ind2=' ' tag='876'><subfield code='0'>3781001</subfield><subfield code='3'>no.40 (2014)</subfield><subfield code='a'>5580488</subfield><subfield code='j'>Available</subfield><subfield code='p'>CU24659517</subfield><subfield code='t'>1</subfield><subfield code='x'>Open</subfield><subfield code='z'>CU</subfield><subfield code='l'>RECAP</subfield></datafield><datafield ind1=' ' ind2=' ' tag='876'><subfield code='0'>3781001</subfield><subfield code='3'>no.43 (2016)</subfield><subfield code='a'>14683344</subfield><subfield code='j'>Available</subfield><subfield code='p'>CU25459171</subfield><subfield code='t'>1</subfield><subfield code='x'>Open</subfield><subfield code='z'>CU</subfield><subfield code='l'>RECAP</subfield></datafield><datafield ind1=' ' ind2=' ' tag='876'><subfield code='0'>3781001</subfield><subfield code='3'>no.44 (2016)</subfield><subfield code='a'>14683457</subfield><subfield code='j'>Available</subfield><subfield code='p'>CU25459180</subfield><subfield code='t'>1</subfield><subfield code='x'>Open</subfield><subfield code='z'>CU</subfield><subfield code='l'>RECAP</subfield></datafield></record>
</collection>